<record xmlns="http://www.loc.gov/MARC21/slim" xmlns:xsi="http://www.w3.org/2001/XMLSchema-instance" xsi:schemaLocation="http://www.loc.gov/MARC21/slim http://www.loc.gov/standards/marcxml/schema/MARC21slim.xsd"><leader>00647nz   2200169n  4500</leader><controlfield tag="001">oca04927374 </controlfield><controlfield tag="005">19990223135549.2</controlfield><controlfield tag="008">990223n| acannaab|          |n aaa |||  </controlfield><datafield ind1=" " ind2=" " tag="010"><subfield code="a">n  99014922 </subfield></datafield><datafield ind1=" " ind2=" " tag="040"><subfield code="a">DLC</subfield><subfield code="b">eng</subfield><subfield code="c">DLC</subfield></datafield><datafield ind1="0" ind2=" " tag="100"><subfield code="a">Asclepiades,</subfield><subfield code="c">of Samos</subfield></datafield><datafield ind1="0" ind2=" " tag="400"><subfield code="a">Sicelidas</subfield></datafield><datafield ind1=" " ind2=" " tag="670"><subfield code="a">Asclepiades of Samos and Leonidas of ... 1999:</subfield><subfield code="b">t.p. (Asclepiades of Samos)</subfield></datafield><datafield ind1=" " ind2=" " tag="670"><subfield code="a">OCD</subfield><subfield code="b">(Asclepiades of Samos, also called Sicelidas, fl. 290 B.C.)</subfield></datafield><datafield ind1=" " ind2=" " tag="670"><subfield code="a">Smith, W. A classical dict. of Greek and Roman biog. ... 1925</subfield><subfield code="b">(Asclepiades of Samos, 2d cent. B.C.)</subfield></datafield><datafield ind1=" " ind2=" " tag="670"><subfield code="a">BLC, 1979:</subfield><subfield code="b">(Asclepiades, Greek poet, of Samos)</subfield></datafield><datafield ind1=" " ind2=" " tag="675"><subfield code="a">Encyc. Brit., 1970.</subfield></datafield></record>